<record><leader>00000cas a2200000 a 4500</leader><controlfield tag="001">13435991</controlfield><controlfield tag="008">860415d18261827dcuir ne      0    0eng c</controlfield><datafield ind1=" " ind2=" " tag="010"><subfield code="a">sn 86053278 </subfield></datafield><datafield ind1=" " ind2=" " tag="040"><subfield code="a">NPX</subfield><subfield code="b">eng</subfield><subfield code="c">NPX</subfield><subfield code="d">NPH</subfield><subfield code="d">DLC</subfield><subfield code="d">ONP</subfield><subfield code="d">CNW</subfield><subfield code="d">NVK</subfield><subfield code="d">OCL</subfield><subfield code="d">DLC</subfield><subfield code="d">OCLCQ</subfield><subfield code="d">OCLCF</subfield><subfield code="d">OCLCO</subfield></datafield><datafield ind1="1" ind2=" " tag="029"><subfield code="a">AU@</subfield><subfield code="b">000020127612</subfield></datafield><datafield ind1=" " ind2=" " tag="042"><subfield code="a">pcc</subfield></datafield><datafield ind1=" " ind2=" " tag="043"><subfield code="a">n-us-dc</subfield></datafield><datafield ind1="0" ind2="0" tag="050"><subfield code="a">Newspaper</subfield></datafield><datafield ind1="0" ind2="0" tag="245"><subfield code="a">U.S. telegraph.</subfield></datafield><datafield ind1="1" ind2="3" tag="246"><subfield code="a">United States' telegraph</subfield></datafield><datafield ind1="3" ind2="0" tag="246"><subfield code="a">U.S. telegraph and commercial herald</subfield></datafield><datafield ind1=" " ind2=" " tag="260"><subfield code="a">Washington City [D.C.] :</subfield><subfield code="b">Duff Green</subfield></datafield><datafield ind1=" " ind2=" " tag="300"><subfield code="a">v. ;</subfield><subfield code="c">51 cm.</subfield></datafield><datafield ind1=" " ind2=" " tag="310"><subfield code="a">Triweekly,</subfield><subfield code="b">&lt;June 26/27, 1826-&gt;</subfield></datafield><datafield ind1=" " ind2=" " tag="321"><subfield code="a">Triweekly (during sessions of Congress, semiweekly during the recess),</subfield><subfield code="b">&lt;Feb. 18/20, 1826&gt;</subfield></datafield><datafield ind1="1" ind2=" " tag="362"><subfield code="a">Began in 1826.</subfield></datafield><datafield ind1="0" ind2=" " tag="362"><subfield code="a">-May 8, 1827.</subfield></datafield><datafield ind1=" " ind2=" " tag="500"><subfield code="a">Published as: U.S. telegraph and commercial herald &lt;Dec. 13/14, 1826-Feb. 8, 1827&gt;</subfield></datafield><datafield ind1=" " ind2=" " tag="530"><subfield code="a">Also issued on microfilm from the Library of Congress, Photoduplication Service.</subfield></datafield><datafield ind1=" " ind2=" " tag="580"><subfield code="a">Daily ed.: United States' telegraph (Washington, D.C. : Daily).</subfield></datafield><datafield ind1=" " ind2=" " tag="588"><subfield code="a">Description based on: Feb. 18/20, 1826; title from publisher's statement.</subfield></datafield><datafield ind1=" " ind2="0" tag="651"><subfield code="a">Washington (D.C.)</subfield><subfield code="v">Newspapers.</subfield></datafield><datafield ind1=" " ind2="7" tag="655"><subfield code="a">Newspapers.</subfield><subfield code="2">fast</subfield><subfield code="0">(OCoLC)fst01423814</subfield></datafield><datafield ind1=" " ind2="7" tag="651"><subfield code="a">Washington (D.C.)</subfield><subfield code="2">fast</subfield><subfield code="0">(OCoLC)fst01204505</subfield></datafield><datafield ind1=" " ind2=" " tag="752"><subfield code="a">United States</subfield><subfield code="b">District of Columbia</subfield><subfield code="d">Washington.</subfield></datafield><datafield ind1="1" ind2=" " tag="775"><subfield code="t">United States' telegraph (Washington, D.C. : Daily)</subfield><subfield code="w">(DLC)sn 83045674</subfield><subfield code="w">(OCoLC)2268926</subfield></datafield><datafield ind1="0" ind2="0" tag="780"><subfield code="t">Washington gazette (Washington, D.C. : Triweekly)</subfield><subfield code="w">(DLC)sn 82014429</subfield></datafield><datafield ind1="0" ind2="0" tag="785"><subfield code="t">United States' telegraph (Washington, D.C. : Semiweekly)</subfield><subfield code="w">(DLC)sn 83045672</subfield><subfield code="w">(OCoLC)1498163</subfield></datafield></record>